@article{Stanley,
   author = {R. Stanley},
   title= {Plasmonics in the mid-infrared},
   journal= {Nature Photon.},
   year= {2012},
   volume= {6},
   pages= {409},
}

@article{Law,
author= {S. Law and V. Podolskiy and D. Wasserman},
title= {Towards nano-scale photonics with micro-scale photons: the opportunities and challenges of mid-infrared plasmonics},
journal= {Nanophotonics},
year= {2012},
volume= {2},
issue= {2},
pages= {103},
}

@article{Neubrech,
  author = {F. Neubrech and A. Pucci and C. T. Walter and S. Karim and A. Garc\'{\i}a-Etxarri and J. Aizpurua},
  title = {Resonant Plasmonic and Vibrational Coupling in a Tailored Nanoantenna for Infrared Detection},
  journal = {Phys. Rev. Lett.},
  volume = {101},
  issue = {15},
  pages = {157403},
  year = {2008},
}

@article{Hoang,
author= {C. V. Hoang and M. Oyama and O. Saito and M. Aono and T. Nagao},
title= {Monitoring the presence of ionic mercury in environmental water by plasmon-enhanced infrared spectroscopy},
journal= {Sci. Rep.},
year= {2013},
volume= {3},
issue= {1175},
}

@article{Cleary2008,
author= {J. W. Cleary and R. E. Peale and D. Shelton and G. Boreman and W. R. Buchwald}, 
title = {Silicides for infrared surface plasmon resonance biosensors},
journal= {Proc. Mater. Res. Soc.},
pages={1133-AA10-03},
year= {2008},
}

@article{Kusunoki, 
author={F. Kusunoki and J. Takahara and I. Kobayashi}, 
journal={Electron. Lett.}, 
title={Qualitative change of resonant peaks in thermal emission from periodic array of microcavities}, 
year={2003}, 
volume={39}, 
number={1}, 
pages={23}, 
}

@article{Ebbesen, 
author= {T. W. Ebbesen and C. Genet and S. I. Bozhevolnyi},
title= {Surface-plasmon circuitry},
journal= {Phys. Today},
volume= {61},
issue= {5},
page= {44},
year= {2008},
}

@article{Soref,
author = {R. Soref and R. E. Peale and W. Buchwald}, 
title = {Longwave plasmonics on doped silicon and silicides}, 
journal = {Opt. Exp.},
number = {9}, 
pages = {6507}, 
volume = {16}, 
year = {2008},
}

@article{Kusa2015,
   author = {F. Kusa. and K. E. Echternkamp and G. Herink and C. Ropers and S. Ashihara},
   title = {Optical field emission from resonant gold nanorods driven by femtosecond mid-infrared pulses},
   journal = {AIP Advances},
   year = {2015},
   volume = {5},
   number = {7}, 
}

@article{Kusa2014,
   author = {F. Kusa and S. Ashihara},
   title = {Spectral response of localized surface plasmon in resonance with mid-infrared light},
   journal = {J. Appl. Phys.},
   year = {2014},
   volume = {116},
   issue = {15}, 
}

@article{Zayats,
author= {A. V. Zayats},
title= {Perspective: A glint of the future},
journal= {Nature},
volume= {495},
issue= {7440},
year= {2013},
pages= {S7},
}

@article{Shiba,
author = {H. Shiba and M. Haraguchi and M. Fukui},
title = {Propagation Length of Surface Plasmon Polaritons Propagating along Air-Metal Interface},
journal = {J. Phys. Soc. Jpn.},
volume = {63},
number = {4},
pages = {1400},
year = {1994},
}

@article{Kuttge,
   author = {M. Kuttge and E. J. R. Vesseur and J. Verhoeven and H. J. Lezec and H. A. Atwater and A. Polman},
   title = {Loss mechanisms of surface plasmon polaritons on gold probed by cathodoluminescence imaging spectroscopy},
   journal = {Appl. Phys. Lett.},
   year = {2008},
   volume = {93},
   number = {11}, 
   issue={11}
}

@article{Lee, 
author = {H. S. Lee and C. Awada and S. Boutami and F. Charra and L. Douillard and R. E. de Lamaestre}, 
journal = {Opt. Exp.}, 
number = {8}, 
pages = {8974}, 
publisher = {OSA},
title = {Loss mechanisms of surface plasmon polaritons propagating on a smooth polycrystalline Cu surface}, 
volume = {20}, 
year = {2012},
}

@article{Trollmann,
author = {J. Trollmann and A. Pucci},
title = {Infrared Dielectric Function of Gold Films in Relation to Their Morphology},
journal = {J. Phys. Chem. C},
volume = {118},
number = {27},
pages = {15011},
year = {2014},
}

@article{Olmon,
  title = {Optical dielectric function of gold},
  author = {R. L. Olmon and B. Slovick and T. W. Johnson and D. Shelton and S. H. Oh and G. D. Boreman and M. B. Raschke},
  journal = {Phys. Rev. B},
  volume = {86},
  issue = {23},
  pages = {235147},
  numpages = {9},
  year = {2012},
}

@Article{Koev,
author= {S. T. Koev and A. Agrawal and H. J. Lezec and V. A. Aksyuk},
title= {An Efficient Large-Area Grating Coupler for Surface Plasmon Polaritons},
journal= {Plasmonics},
year= {2012},
volume= {7},
number= {2},
pages= {269},
}

@article{Cleary2010,
author = {J. W. Cleary and G. M. and R. E. Peale and W. R. Buchwald}, 
journal = {Appl. Opt.}, 
number = {16}, 
pages = {3102--3110},
title = {Long-wave infrared surface plasmon grating coupler}, 
volume = {49}, 
year = {2010},
}

@article{Leveque,
   author = {G. L{\'e}v{\^e}que and O. J. F. Martin},
   title = {Optimization of finite diffraction gratings for the excitation of surface plasmons},
   journal = {J. Appl. Phys.},
   year = {2006},
   volume = {100},
   number = {12}, 
}

@article{Nogues,
author = {C. Nogues and M. Wanunu},
title = {A rapid approach to reproducible, atomically flat gold films on mica },
journal = {Surf. Sci.},
volume = {573},
number = {3},
pages = {L383},
year = {2004},
issn = {0039-6028},
}

@article{Petr,
  author={Petr Klapetek and Ivan Ohl\'{\i}dal and Alberto Montaigne-Ramil and Alberta Bonanni and David Stifter and Helmut Sitter},
  title={Atomic Force Microscopy Characterization of ZnTe Epitaxial Thin Films},
  journal={Acta Phys. Slovaca},
  volume={53},
  number={3},
  pages={223},
  year={2003},
}

@inbook{Palik,
author = {Palik, Edward D. },
title = {Handbook of Optical Constants of Solids},
publisher = {Academic Press},
year = {2002},
}

@article{Yang,
  title = {Optical dielectric function of silver},
  author = {H. U. Yang and J. D'Archangel and M. L. Sundheimer and E. Tucker and G. D. Boreman and M. B. Raschke},
  journal = {Phys. Rev. B},
  volume = {91},
  issue = {23},
  pages = {235137},
  numpages = {11},
  year = {2015},
}

@article{Buffat,
  title = {Size effect on the melting temperature of gold particles},
  author = {Ph. Buffat and J-P. Borel},
  journal = {Phys. Rev. A},
  volume = {13},
  issue = {6},
  pages = {2287},
  year = {1976},
}

@article{Mills,
  title = {Attenuation of surface polaritons by surface roughness},
  author = {D. L. Mills},
  journal = {Phys. Rev. A},
  volume = {12},
  issue = {19},
  pages = {4036},
  year = {1975},
}

@article{McMullen,
  title = {Propagation lengths of surface polaritons at 10.6 microns on BeO and metal substrates},
  author = {J. D. McMullen},
  journal = {Sol. Stat. Commun.},
  volume = {17},
  issue = {3},
  pages = {331},
  year = {1975},
}

@article{Schlesinger1,
  title = {IR surface plasmon attenuation coefficients for Ag and Au films},
  author = {Z. Schlesinger and A. J. Sievers},
  journal = {Sol. Stat. Commun.},
  volume = {43},
  issue = {9},
  pages = {671},
  year = {1982},
}

@article{Schlesinger2,
  title = {ir surface-plasmon attnuation coefficients for Ge-coated Ag and Au metals},
  author = {Z. Schlesinger and A. J. Sievers},
  journal = {Phys. Rev. B},
  volume = {26},
  issue = {12},
  pages = {6444},
  year = {1982},
}

@article{Schoenwald,
  title = {Propagation of surface polaritons over macroscopic distances at optical frequencies},
  author = {J. Schoenwald and E. Burstein and J. M. Elson},
  journal = {Sol. Stat. Commun.},
  volume = {12},
  issue = {3},
  pages = {185},
  year = {1973},
}

@article{Moharam, 
author = {M. G. Moharam and T. K. Gaylord}, 
journal = {J. Opt. Soc. Am.}, 
number = {7}, 
pages = {811}, 
title = {Rigorous coupled-wave analysis of planar-grating diffraction}, 
volume = {71}, 
month = {Jul},
year = {1981},
}

@article{Canchal-Arias,
author = "D. Canchal-Arias and P. Dawson",
title = "Measurement and interpretation of the mid-infrared properties of single crystal and polycrystalline gold ",
journal = "Surf. Sci.",
volume = "577",
number = "2",
pages = "95",
year = "2005",
}