@article{paper,
author = {Hiramatsu,N. and Kusa,F.  and Imasaka,K.  and Morichika,I.  and Takegami,A.  and Ashihara,S.},
title = {Propagation length of mid-infrared surface plasmon polaritons on gold: Impact of morphology change by thermal annealing},
journal = {Journal of Applied Physics},
volume = {120},
number = {17},
pages = {173103},
year = {2016},
doi = {10.1063/1.4966934},
}

@article{patent,
 author = {H. Etschmaier and N. Hiramatsu and O. Synooka },
 title = {Integrated smoke detection device},
 year = {2018},
 month = {5},
 day = {9},
 journal = {European Patent: EP3319057A1},
 type = {Patent},
 }
 
 @article{RD,
 author = {},
 title = {},
 year = {},
 journal = {National Science Foundation, Science and Engineering Indicators 2018},
 }
 